@String{pami = {{IEEE} {T}ransactions on Pattern Analysis and Machine Intelligence}}
@String{itip = {{IEEE} {T}ransactions on Image Processing}}
@String{ijcv = {International Journal of Computer Vision}}
@String{prl = {Pattern Recognition Letters}}
@String{lti = {{L}ehrstuhl für {T}echnische {I}nformatik, RWTH-Aachen University}}

@Booklet{Alvarado2005,
  title =        {Modelos de Sistemas.  {N}otas de Clase},
  author =       {P. Alvarado},
  url =          {http://www.ie.itcr.ac.cr/palvarado/Modelos/modelos.pdf},
  school =       {Escuela de Ingeniería Electrónica, ITCR},
  year =         {2005},
}
@Booklet{sevilla,
  title =        {técnicas de percepción activa para seguimiento de objetos mediante robots móviles en entornos urbanos  {C}apitulo 4},
  %author =       {P. Alvarado},
  url =          {http://bibing.us.es/proyectos/abreproy/70077/fichero/capitulo4.pdf},
  school =       {Escuela Técnica Superior de Ingeniería, Universidad de Sevilla},
 %year =         {2005},
}

@Book{Jack2008,
  author =	 {K. Jack},
  title = 	 {Digital Video and DSP},
  publisher = 	 {Elsevier Inc},
  year = 	 2008,
  volume =	 {I},
}
@Book{Lawson1992,
  author =	 {H. Lawson and B. Svensson and L. Wanhammar},
  title = 	 {Parallel Processing in Industrial Real Time Applications},
  publisher = 	 {Prentice Hall},
  year = 	 1992,
}


@incollection{Ballard1987,
 author = {Ballard, D. H.},
 chapter = {Generalizing the Hough Transform to Detect Arbitrary Shapes},
 title = {Readings in Computer Vision: Issues, Problems, Principles, and Paradigms},
 editor = {Fischler, Martin A. and Firschein, Oscar},
 year = {1987},
 isbn = {0-934613-33-8},
 pages = {714--725},
 numpages = {12},
 url = {http://dl.acm.org/citation.cfm?id=33517.33574},
 acmid = {33574},
 publisher = {Morgan Kaufmann Publishers Inc.},
 address = {San Francisco, CA, USA},
} 

@Book{Burrus1998,
  author =	 {C. S. Burrus and J. H. McClellan and A. V. Oppenheim and T. W. Parks and R. W. Schafer and H. W. Schuessler},
  title = 	 {Ejercicios de Tratamiento de la Señal.  Un enfoque práctico},
  publisher = 	 {Prentice Hall},
  year = 	 1998
}
@Booklet{blackfin2014,
  title =        {Blackfin Dual Core Embedded Processor {H}oja de Datos},
  author =       {Analog Devices Inc.},
  url =          {http://www.analog.com/static/imported-files/data_sheets/ADSP-BF606_607_608_609.pdf},
  %school =       {Escuela Técnica Superior de Ingeniería, Universidad de Sevilla},
  year =         {2014},
}
@article{Illingworth1988,
 author = {Illingworth, J. and Kittler, J.},
 title = {A Survey of the Hough Transform},
 journal = {Comput. Vision Graph. Image Process.},
 year = {1988},,
 url = {http://dx.doi.org/10.1016/S0734-189X(88)80033-1},
 publisher = {Academic Press Professional, Inc.},
 address = {San Diego, CA, USA},
} 


@Book{GanKuo2007,
  author =	 {W. S. Gan and S. M. Kuo },
  title = 	 {Embedded Signal Processing with the Micro Signal Architecture},
  publisher = 	 {John Wiley and sons Inc.},
  year = 	 2007
  address = {Hoboken, NJ, USA},
}

@Book{Davis1963,
  author =       {H. F. Davis},
  title =        {Fourier series and orthogonal functions},
  publisher =    {Dover Publications, Inc.},
  year =         {1963}
}
@article{Waqar2010,
 author = {M. Waqar and T. Thanh Hoang and P Edefors},
 title = {Cyclic Redundancy Checking (CRC) Accelerator for the FlexCore Processor},
 year = {2010},
 url = {http://www.cse.chalmers.se/~hoangt/papers/tunghoang-dsd2010.pdf},
 publisher = {Chalmers University of Technology},
 address = {Gothenburg, Sweden},
} 

@Book{Haykin2001,
  author =       {S. Haykin and B. van Veen},
  title =        {Señales y sistemas},
  publisher =    {Limusa Wiley},
  year =         {2001},
}

@Book{James2002,
  author =	 {G.~James},
  title = 	 {Matemáticas Avanzadas para Ingeniería},
  publisher = 	 {Prentice Hall},
  year = 	 2002,
  edition =	 {2da}
}

@Book{Kreyszig2000a,
  author =	 {E.~Kreyszig},
  title = 	 {Matemáticas Avanzadas para Ingeniería},
  publisher = 	 {Limusa Wiley},
  year = 	 2000,
  volume =	 {I},
  edition =	 {3ra}
}

@Book{Kreyszig2000b,
  author =	 {E.~Kreyszig},
  title = 	 {Matemáticas Avanzadas para Ingeniería},
  publisher = 	 {Limusa Wiley},
  year = 	 2000,
  volume =	 {II},
  edition =	 {3ra}
}

@Book{Lindner2002,
  author =       {D.~Lindner},
  title =        {Introducción a las señales y los sistemas},
  publisher =    {McGraw Hill},
  year =         2002
}

@Webpage{market2014,
   url =       {http://www.bccresearch.com},
   author    = {bccResearch},
   title     = {Embedded Systems: Technologies and Markets},
   year      = {2014},
   lastchecked = {\today}
}

@Webpage{alliance2014,
   url =       {http://www.embedded-vision.com},
  % author    = {John W. Eaton},
   title     = {Why does Embedded Vision need an Alliance?},
   year      = {2014},
   lastchecked = {\today}
}
@Webpage{alliance2014,
   url =       {http://www.embedded-vision.com},
  % author    = {John W. Eaton},
   title     = {Why does Embedded Vision need an Alliance?},
   year      = {2014},
   lastchecked = {\today}
}

@Webpage{opencv2014,
   url =       {http://opencv.org},
   %author    = {John W. Eaton},
   title     = {Open Source Computer Vision},
   %school    = {University of Wisconsin},
   year      = {2014},
   lastchecked = {\today}
}
@Webpage{ice100
   url =       {http://www.analog.com},
   author    = {Analog Devices Inc.},
   title     = {Analog Devices Blackfin Emulator},
   %school    = {University of Wisconsin},
   year      = {2014},
   lastchecked = {\today}
}

@Book{Oppenheim1998,
  author = 	 {A. Oppenheim and A. Willsky and S. H. Nawab},
  title = 	 {Señales y Sistemas},
  publisher = 	 {Prentice Hall},
  year = 	 1998,
  edition =	 {2da}
}

@Book{ProakisManolakis1998,
  author =	 {J. G. Proakis and D. G. Manolakis},
  title = 	 {Tratamiento Digital de Señales},
  publisher = 	 {Prentice Hall},
  year = 	 {1998},
}

@Book{Roberts2005,
  author =       {M. J. Roberts},
  title =        {Señales y Sistemas.  Análisis mediante métodos de 
                  transformada y {MatLab}},
  publisher =    {McGraw Hill},
  year =         {2005}
}

@Book{Shilov1973,
  author =       {G. E. Shilov},
  title =        {Elementary Real and Complex Analysis},
  publisher =    {Dover Publications, Inc.},
  year =         {1973}
}

@Book{Soria2003,
  author =	 {E. Soria{ }Olivas and M. Martínez{ }Sober and 
                  J. V. Francés{ }Villora and G. Camps{ }Valls},
  title = 	 {Tratamiento Digital de Señales.  Problemas y ejercicios resueltos},
  publisher = 	 {Prentice Hall},
  year = 	 {2003},
  address =	 {Madrid}
}

@Book{Stremler1993,
  author =       {F. G. Stremler},
  title =        {Introducción a los sistemas de comunicación},
  publisher =    {Addison Wesley Longman},
  year =         {1993}
}
